<?xml version="1.0" encoding="UTF-8"?><collection xmlns="http://www.loc.gov/MARC21/slim"><record><leader>00401nam--2200121-i-4500</leader><controlfield tag="001">000010081</controlfield><controlfield tag="002">20161230</controlfield><controlfield tag="005">20161230201028</controlfield><controlfield tag="008">060222s1000------------r-----000-0-eng-d</controlfield><datafield ind1=" " ind2=" " tag="100"><subfield code="a">Boltax, Alvin And Handwerk, J.H</subfield></datafield><datafield ind1=" " ind2=" " tag="245"><subfield code="a">Proceedings of the conference on nuclear appli cations of nonfissionable ceramics. may 9-11</subfield></datafield><datafield ind1=" " ind2=" " tag="260"><subfield code="a">Danville, Illinois, Interstate Printers, 1966. Ix + 487 P</subfield></datafield><datafield ind1=" " ind2=" " tag="852"><subfield code="a">36486</subfield></datafield></record></collection>